@Book{BrennerScott,
  author = 	 {{S. C.} Brenner and {L. R.} Scott},
  title = 		 {The Mathematical Theory of Finite Element Methods},
  publisher = 	 {Springer},
  year = 		 {1994},
  OPTkey = 		 {},
  OPTvolume = 	 {},
  OPTnumber = 	 {},
  OPTseries = 	 {},
  OPTaddress = 	 {},
  OPTedition = 	 {},
  OPTmonth = 	 {},
  OPTnote = 	 {},
  OPTannote = 	 {}
}

@Article{OBB98,
  author = {{J. T.} Oden and I. Babu{\v{s}}ka and {C. E.} Baumann},
  title = {A Discontinuous {\em hp} Finite Element Method for Diffusion
  Problems},
  journal = {Journal of Computational Physics},
  year = {1998},
  volume = {146},
  pages = {491--519}
}
